<record xmlns="http://www.loc.gov/MARC21/slim" xmlns:xsi="http://www.w3.org/2001/XMLSchema-instance" xsi:schemaLocation="http://www.loc.gov/MARC21/slim http://www.loc.gov/standards/marcxml/schema/MARC21slim.xsd">

  <leader>01127nab a2200157   4500</leader>
  <controlfield tag="005">20160328165108.0</controlfield>
  <controlfield tag="008">151008b2004    cr f|||| |||| 00| 0 spa d</controlfield>
  <datafield ind2=" " tag="090" ind1=" ">
    <subfield code="a">REVIS 06.02.01</subfield>
  </datafield>
  <datafield ind1="1" tag="100" ind2=" ">
    <subfield code="9">1121</subfield>
    <subfield code="a">Araya Rivera, Carlos</subfield>
  </datafield>
  <datafield ind1="1" ind2="0" tag="245">
    <subfield code="a">Cómo planear un programa de radio /</subfield>
    <subfield code="c">Carlos Araya Rivera</subfield>
  </datafield>
  <datafield tag="300" ind2=" " ind1=" ">
    <subfield code="a">páginas 191-200</subfield>
  </datafield>
  <datafield tag="520" ind2=" " ind1=" ">
    <subfield code="a">La planificación en la producción radiofónica es básica para lograr un mayor impacto de los mensajes. Este artículo explica una manera de diseñar un programa o espacio de radio, que pueda transmitirse en una estación cultural como las emisoras de la Universidad de Costa Rica, o una comercial. Se destaca la importancia de la investigación para fundamentar las propuestas, así como los elementos principales de un proyecto de programa radiofónico, que podrán formular profesionales y estudiantes de Comunicación o de cualquier otra disciplina del conocimiento</subfield>
  </datafield>
  <datafield ind1="1" ind2="4" tag="650">
    <subfield code="9">1</subfield>
    <subfield code="a">EDUCACIÓN</subfield>
  </datafield>
  <datafield ind1="0" ind2=" " tag="773">
    <subfield code="d">San José, Costa Rica : Editorial de la Universidad de Costa Rica, 1997-</subfield>
    <subfield code="o">R0215</subfield>
    <subfield code="t">EDUCACIÓN: Revista de la Universidad de Costa Rica</subfield>
    <subfield code="g">Vol.28, no.1 (2004) </subfield>
  </datafield>
  <datafield ind2=" " tag="942" ind1=" ">
    <subfield code="2">z</subfield>
    <subfield code="c">10</subfield>
  </datafield>
  <datafield ind1=" " tag="999" ind2=" ">
    <subfield code="c">2910</subfield>
    <subfield code="d">2910</subfield>
  </datafield>
</record>